




@article{CDK,
author = {Steinbeck, Christoph and Han, Yongquan and Kuhn, Stefan and Horlacher, Oliver and Luttmann, Edgar and Willighagen, Egon},
title = {The Chemistry Development Kit (CDK):â€‰ An Open-Source Java Library for Chemo- and Bioinformatics},
journal = {J. Chem. Inf. Comput. Sci.},
volume = {43},
number = {2},
pages = {493-500},
year = {2003},
doi = {10.1021/ci025584y},
    note ={PMID: 12653513},

URL = { 
        http://dx.doi.org/10.1021/ci025584y
    
},
eprint = { 
        http://dx.doi.org/10.1021/ci025584y
    
}

}


@article{pubchem,
author = {Wang, Yanli and Xiao, Jewen and Suzek, Tugba O and Zhang, Jian and Wang, Jiyao and Zhou, Zhigang and Han, Lianyi and Karapetyan, Karen and Dracheva, Svetlana and Shoemaker, Benjamin A and Bolton, Evan and Gindulyte, Asta and Bryant, Stephen H},
issn = {1362-4962},
journal = {Nucleic Acids Res.},
number = {Database issue},
pages = {400--412},
pmid = {22140110},
title = {{PubChem's BioAssay Database.}},
t},
volume = {40},
year = {2012}
}




@article{aadescs2,

author = {van Westen, Gerard JP and Swier, Remco F and Cortes-Ciriano, Isidro and Wegner, J\"{o}rg K and Overington, John P and IJzerman, Adriaan P and van Vlijmen, Herman WT and Bender, Andreas},
doi = {10.1186/1758-2946-5-42},
file = {:Users/icortes/Library/Application Support/Mendeley Desktop/Downloaded/van Westen et al. - 2013 - Benchmarking of protein descriptor sets in proteochemometric modeling (part 2) modeling performance of 13 ami.pdf:pdf},
issn = {1758-2946},
journal = {J. Cheminf.},
number = {1},
pages = {42},
title = {{Benchmarking of protein descriptor sets in proteochemometric modeling (part 2): modeling performance of 13 amino acid descriptor sets}},
url = {http://www.jcheminf.com/content/5/1/42},
volume = {5},
year = {2013}
}


@book{Kuhn2013,
>---address = {New York, NY},
>---author = {Kuhn, Max and Johnson, Kjell},
>---isbn = {978-1-4614-6848-6},
>---publisher = {Springer New York},
>---title = {Applied Predictive Modeling},
>---year = {2013}
}

@article{maccs,
author = {Durant, Joseph L. and Leland, Burton A. and Henry, Douglas R. and Nourse, James G.},
title = {Reoptimization of MDL Keys for Use in Drug Discovery},
journal = {Journal of Chemical Information and Computer Sciences},
volume = {42},
number = {6},
pages = {1273-1280},
year = {2002},
}




@article{aadescs1,
author = {van Westen, GJP and Swier, RF and Wegner, J\"{o}rg K and IJzerman, Adriaan P. and van Vlijmen, Herman WT and Bender, Andreas},
doi = {10.1186/1758-2946-5-41},
issn = {1758-2946},
journal = {J. Cheminf.},
number = {1},
pages = {41},
title = {{Benchmarking of protein descriptor sets in proteochemometric modeling (part 1): comparative study of 13 amino acid descriptor sets}},
url = {http://www.biomedcentral.com/content/pdf/1758-2946-5-41.pdf},
volume = {5},
year = {2013}
}

